% -------------------------------------------------------------
% COBEM 2021 - BIBFILE EXAMPLE
% -------------------------------------------------------------

@ARTICLE{Bravo2018,
 AUTHOR = {R R Silva Bravo and V J {De Negri} and A A M Oliveira},
 TITLE = {Design and Analysis of a Parallel Hydraulic - Pneumatic Regenerative Braking System for Heavy-Duty Hybrid Vehicles},
 JOURNAL = {Applied Energy},
 VOLUME = {225},
 NUMBER = {1},
 PAGES = {60-77},
 YEAR = {2018},
}

% -------------------------------------------------------------

@ARTICLE{Simas2019,
 AUTHOR = {H Simas and R {Di Gregorio}},
 TITLE = {A Technique Based on Adaptive Extended Jacobians for Improving the Robustness of the Inverse Numerical Kinematics of Redundant Robots},
 JOURNAL = {Journal of Mechanisms and Robotics},
 VOLUME = {11},
 PAGES = {020913},
 YEAR = {2019},
}

% -------------------------------------------------------------

@PHDTHESIS{Grando2017,
 AUTHOR = {M T Grando},
 TITLE = {Complacency of cable guided robotic systems (in Portuguese)},
 SCHOOL = {Graduate Program in Mechanical Engineering, Federal University of Santa Catarina},
 ADDRESS = {Florian\'opolis, Brasil},
 YEAR = {2017},
}

@MASTERSTHESIS{Campos2018,
 AUTHOR = {R Campos},
 TITLE = {Design of quick couplings for drones and moving vehicles (in Portuguese)},
 SCHOOL = {Graduate Program in Mechanical Engineering, Federal University of Santa Catarina},
 ADDRESS = {Florian\'opolis, Brasil},
 YEAR = {2018},
}

% -------------------------------------------------------------

@BOOK{MendoncaFancello2019,
 AUTHOR = {P T R Mendon\c{c}a and E A Fancello},
 TITLE = {The method of finite elements applied to mechanics of solids (in Portuguese)},
 PUBLISHER = {Editora Orsa Maggiore},
 ADDRESS = {Florian\'opolis},
 YEAR = {2019},
}

% -------------------------------------------------------------

@BOOK{Carvalho2017,
 AUTHOR = {J C M Carvalho and D Martins and R Simoni and H Simas},
 TITLE = {Multibody Mechatronic Systems - Proceedings of the MUSME Conference held in Florian\'opolis, Brazil, October 24-28, 2017},
 SERIES = {Mechanisms and Machine Science},
 PUBLISHER = {Springer International Publishing},
 YEAR = {2017},
}

% -------------------------------------------------------------

@INPROCEEDINGS{Nostrami2019,
 AUTHOR = {M P Nostrami and P Kruss and V J {De Negri} and A {Dell'Amico}},
 TITLE = {An Aircraft Actuator Driven by Digital Hydraulic Pumps},
 BOOKTITLE = {Proceedings of the XVIII International Symposium on Dynamic Problems of Mechanics - DINAME 2019},
 YEAR = {2019},
 ADDRESS = {Armação de Búzios, RJ, Brazil},
}

% -------------------------------------------------------------

@INPROCEEDINGS{Santos2013a,
 AUTHOR = {D D Santos and G M Furtado and S L Frey and M F Naccache and P R {de Souza Mendes}},
 TITLE = {Flow of elasto-viscoplastic fluids inside a cavity},
 BOOKTITLE = {Proceedings of the 22nd International Congress of Mechanical Engineering - COBEM 2013},
 YEAR =	{2013},
 ADDRESS = {Ribeir\~ao Preto, Brazil},
}

% -------------------------------------------------------------

@INPROCEEDINGS{Santos2013b,
 AUTHOR = {D D Santos and G M Furtado and S L Frey and M F Naccache and P R {de Souza Mendes}},
 TITLE = {Numerical investigation of elastic and viscous effects on inertial viscoplastic fluid flows},
 BOOKTITLE = {Proceedings of the 22nd International Congress of Mechanical Engineering - COBEM 2013},
 YEAR = {2013},
 ADDRESS = {Ribeir\~ao Preto, Brazil},
}

% -------------------------------------------------------------

@REPORT{EPE2020,
 AUTHOR = {EPE}, 
 TITLE = {Brazilian Energy Balance 2020, Final Report (in Portuguese)},
 HOWPUBLISHED ={Empresa de Pesquisa Energética EPE, Rio de Janeiro, epe.gov.br/sites-pt/publicacoes-dados-abertos/publicacoes/PublicacoesArquivos/publicacao-479/topico-528/BEN2020\_sp.pdf. Accessed 12 January 2021},
 YEAR = {2020}
}

% -------------------------------------------------------------

@MISC{MLA20,
 AUTHOR = {MLA},
 TITLE = {\uppercase{MLA} Works Cited: Electronic Sources (Web Publications)},
 HOWPUBLISHED =	{Modern Language Association, Purdue Online Writing Laboratory, Purdue University,   owl.purdue.edu/owl/research\_and\_citation/mla\_ style/mla\_formatting\_and\_style\_guide/mla\_works\_cited\_electronic\_sources.html. Accessed 12 january 2021},
 YEAR = {2020},
}

% -------------------------------------------------------------

@MISC{Fernandes2018,
 AUTHOR = {R B Fernandes and J S V Teixeira and F Boeing and A {Pedro Filho} and E A Berramashi and M B Tounier and M B Silva and L {Caminha Junior}},
 TITLE = {System for monitoring controlled areas in work environments (in Portuguese)},
 HOWPUBLISHED =	{Patent, INPI - Instituto Nacional da Propriedade Industrial, Brazil, Utility Model, Registry number: BR10201806780403, Deposit: September 04, 2018.},
 YEAR = {2018},
}

% -------------------------------------------------------------
